@Article{chordsigcomm,
	title = {chord_sigcomm},
	year = {2001},
}

@article{chord-sigcomm,
	Acmid = {383071},
	Address = {New York, NY, USA},
	Issn = {0146-4833},
	Issue_date = {October 2001},
	Month = {aug},
	Numpages = {12},
	Publisher = {ACM},
	Url = {http://doi.acm.org/10.1145/964723.383071},
	author = {Stoica, Ion and Morris, Robert and Karger, David and Kaashoek, M.  Frans and Balakrishnan, Hari},
	title = {Chord: A Scalable Peer-to-peer Lookup Service for Internet Applications},
	journal = {SIGCOMM Comput. Commun. Rev.},
	volume = {31},
	number = {4},
	pages = {149-160},
	year = {2001},
	doi = {10.1145/964723.383071},
}

