<?xml version="1.0" encoding="UTF-8"?>
<library>
	<manage_target braces="false" utf8="false">/home/hrabo/Documents/skola/Ingenjörskunskap och ingenjörsrollen/2017/p1-modellering/studieteknik/ref.bib</manage_target>
	<library_folder monitor="false"></library_folder>
	<taglist/>
	<doclist/>
</library>
